@inproceedings{habitat19iccv,
  title     =     {Habitat: {A} {P}latform for {E}mbodied {AI} {R}esearch},
  author    =     {{Manolis Savva*} and {Abhishek Kadian*} and {Oleksandr Maksymets*} and Yili Zhao and Erik Wijmans and Bhavana Jain and Julian Straub and Jia Liu and Vladlen Koltun and Jitendra Malik and Devi Parikh and Dhruv Batra},
  booktitle =     {Proceedings of the IEEE/CVF International Conference on Computer Vision (ICCV)},
  year      =     {2019}
}

@misc{robotslang,
      title={The {R}obot{S}lang Benchmark: Dialog-guided Robot Localization and Navigation}, 
      author={Shurjo Banerjee and Jesse Thomason and Jason J. Corso},
      year={2020},
      eprint={2010.12639},
      archivePrefix={arXiv},
      primaryClass={cs.RO}
}

@misc{thomason2019visionanddialog,
      title={Vision-and-Dialog Navigation}, 
      author={Jesse Thomason and Michael Murray and Maya Cakmak and Luke Zettlemoyer},
      year={2019},
      eprint={1907.04957},
      archivePrefix={arXiv},
      primaryClass={cs.CL}
}

@misc{hermann2017grounded,
      title={Grounded Language Learning in a Simulated 3D World}, 
      author={Karl Moritz Hermann and Felix Hill and Simon Green and Fumin Wang and Ryan Faulkner and Hubert Soyer and David Szepesvari and Wojciech Marian Czarnecki and Max Jaderberg and Denis Teplyashin and Marcus Wainwright and Chris Apps and Demis Hassabis and Phil Blunsom},
      year={2017},
      eprint={1706.06551},
      archivePrefix={arXiv},
      primaryClass={cs.CL}
}

@INPROCEEDINGS{thomason2019grounded,
  author={J. {Thomason} and A. {Padmakumar} and J. {Sinapov} and N. {Walker} and Y. {Jiang} and H. {Yedidsion} and J. {Hart} and P. {Stone} and R. J. {Mooney}},
  booktitle={2019 International Conference on Robotics and Automation (ICRA)}, 
  title={Improving Grounded Natural Language Understanding through Human-Robot Dialog}, 
  year={2019},
  volume={},
  number={},
  pages={6934-6941},
  doi={10.1109/ICRA.2019.8794287}}
  
  @article{Kadian_2020,
   title={Sim2Real Predictivity: Does Evaluation in Simulation Predict Real-World Performance?},
   volume={5},
   ISSN={2377-3774},
   url={http://dx.doi.org/10.1109/LRA.2020.3013848},
   DOI={10.1109/lra.2020.3013848},
   number={4},
   journal={IEEE Robotics and Automation Letters},
   publisher={Institute of Electrical and Electronics Engineers (IEEE)},
   author={Kadian, Abhishek and Truong, Joanne and Gokaslan, Aaron and Clegg, Alexander and Wijmans, Erik and Lee, Stefan and Savva, Manolis and Chernova, Sonia and Batra, Dhruv},
   year={2020},
   month={Oct},
   pages={6670â€“6677}
}

@article{karpathy2014captioning,
author = {Socher, Richard and Karpathy, Andrej and Le, Quoc                             V. and Manning, Christopher D. and Ng, Andrew Y.},
title = {Grounded Compositional Semantics for Finding and Describing Images                     with Sentences},
journal = {Transactions of the Association for Computational Linguistics},
volume = {2},
number = {},
pages = {207-218},
year = {2014},
doi = {10.1162/tacl\_a\_00177},
URL = { 
        https://doi.org/10.1162/tacl_a_00177
    
},
eprint = { 
        https://doi.org/10.1162/tacl_a_00177
    
}
}
